@book{Foley:CG_PRINCIPLES_AND_PRACTICE,
	editor={Foley, James D. and van Dam, Andries and Feiner, Steven K. and Hughes, John F.},
	title={Computer Graphics : Principles and Practice},
	address={Boston [u.a.]},
	publisher={Addison-Wesley},
	edition={2. ed. in C, reprint. with corr., 25. print.},
	series={The systems programming series},
	year={2010},
	ISBN={0-201-84840-6 - 978-0-201-84840-3},
}
@book{Brutzman:2007:XEG:1214715,
	author = {Brutzman, Don and Daly, Leonard},
	title = {X3D: Extensible 3D Graphics for Web Authors},
	year = {2007},
	isbn = {012088500X, 9780080489889},
	publisher = {Morgan Kaufmann Publishers Inc.},
	address = {San Francisco, CA, USA},
}


@book{Zeppenfeld:2004,
	author={Zeppenfeld, Klaus and Wolters, Regine},
	title={Lehrbuch der Grafikprogrammierung : Grundlagen, Programmierung, Anwendung},
	address={Heidelberg [u.a.]},
	publisher={Spektrum Akad. Verl.},
	edition={1. Aufl.},
	series={Lehrb√ºcher der Informatik},
	year={2004},
	ISBN={3-8274-1028-2},
}

@book{Matsuda:2013,
	author = {Matsuda, Kouichi and Lea, Rodger},
	title = {WebGL Programming Guide: Interactive 3D Graphics Programming with WebGL},
	address = {Harlow, England},
	publisher = {Longman Group},
	edition = {1. Aufl.},
	year = {2013},
	ISBN = {0321902920, 9780321902924}
}

@book{Parisi:2012,
	author={Parisi, Tony},
	title={WebGL: Up and Running},
	subtitle={Building 3D Graphics for the Web},
	address={Beijing [u.a.]},
	publisher={O'Reilly \& Associates},
	edition={1. ed.},
	year={2012},
	ISBN={978-1-449-32357-8 - 1-449-32357-X},
}

@article{Ortiz:2010,
	author={Ortiz, Sixto},
	journal={Computer},
	title={Is 3D Finally Ready for the Web?},
	year={2010},
	month={Jan},
	volume={43},
	number={1},
	pages={14-16},
	keywords={Internet;online front-ends;3D content;Web browsers;World Wide Web;Application software;Collaborative work;Computer graphics;Java;Mesons;Power engineering computing;Productivity;Read only memory;Rendering (computer graphics);Search engines;3D;3DMLW;Adobe Flash;HTML 5.0;JavaScript;O3D;Universal 3D;VRML;WebGL;X3D;browser;plug-in},
	doi={10.1109/MC.2010.15},
	ISSN={0018-9162}
}

@article{Evans201443,
	title = "3D graphics on the web: A survey ",
	journal = "Computers \& Graphics ",
	volume = "41",
	number = "0",
	pages = "43 - 61",
	year = "2014",
	issn = "0097-8493",
	doi = "http://dx.doi.org/10.1016/j.cag.2014.02.002",
	url = "http://www.sciencedirect.com/science/article/pii/S0097849314000260",
	author = "Alun Evans and Marco Romeo and Arash Bahrehmand and Javi Agenjo and Josep Blat",
	keywords = "3D",
	keywords = "Graphics",
	keywords = "Web",
	keywords = "Survey",
	keywords = "WebGL",
	keywords = "\{X3D\} "
}

@article{Cook:1984:ST:964965.808602,
	author = {Cook, Robert L.},
	title = {Shade Trees},
	journal = {SIGGRAPH Comput. Graph.},
	issue_date = {July 1984},
	volume = {18},
	number = {3},
	month = jan,
	year = {1984},
	issn = {0097-8930},
	pages = {223--231},
	numpages = {9},
	url = {http://doi.acm.org/10.1145/964965.808602},
	doi = {10.1145/964965.808602},
	acmid = {808602},
	publisher = {ACM},
	address = {New York, NY, USA},
	keywords = {Color, Computer Graphics, Illumination, Lighting, Reflection, Shading, Shadows, Texture},
}


@article{Paulson:2007,
	author={Paulson, L.D.},
	journal={Computer},
	title={Developers shift to dynamic programming languages},
	year={2007},
	month={Feb},
	volume={40},
	number={2},
	pages={12-15},
	keywords={C++ language;Java;Perl;parallel languages;JavaScript;Perl;Python;dynamic programming languages;software developers;Application software;Computer languages;Dynamic programming;Error correction;Java;Memory management;Mission critical systems;Programming profession;Runtime;Testing;PHP;Perl;Ruby;dynamic programming languages},
	doi={10.1109/MC.2007.53},
	ISSN={0018-9162}
}

@article{Daly:2007,
	author={Daly, L. and Brutzman, D.},
	journal={Signal Processing Magazine, IEEE},
	title={X3D: Extensible 3D Graphics Standard [Standards in a Nutshell]},
	year={2007},
	month={Nov},
	volume={24},
	number={6},
	pages={130-135},
	doi={10.1109/MSP.2007.905889},
	ISSN={1053-5888}
}

@inproceedings{Jankowski:2013:DII:2466533.2466547,
	author = {Jankowski, Jacek and Ressler, Sandy and Sons, Kristian and Jung, Yvonne and Behr, Johannes and Slusallek, Philipp},
	title = {Declarative Integration of Interactive 3D Graphics into the World-wide Web: Principles, Current Approaches, and Research Agenda},
	booktitle = {Proceedings of the 18th International Conference on 3D Web Technology},
	series = {Web3D '13},
	year = {2013},
	isbn = {978-1-4503-2133-4},
	location = {San Sebastian, Spain},
	pages = {39--45},
	numpages = {7},
	url = {http://doi.acm.org/10.1145/2466533.2466547},
	doi = {10.1145/2466533.2466547},
	acmid = {2466547},
	publisher = {ACM},
	address = {New York, NY, USA},
	keywords = {DOM integration, HTML5, declarative 3D, polyfill},
}

@inproceedings{Behr:2009:XDH:1559764.1559784,
	author = {Behr, Johannes and Eschler, Peter and Jung, Yvonne and Z\"{o}llner, Michael},
	title = {X3DOM: A DOM-based HTML5/X3D Integration Model},
	booktitle = {Proceedings of the 14th International Conference on 3D Web Technology},
	series = {Web3D '09},
	year = {2009},
	isbn = {978-1-60558-432-4},
	location = {Darmstadt, Germany},
	pages = {127--135},
	numpages = {9},
	url = {http://doi.acm.org/10.1145/1559764.1559784},
	doi = {10.1145/1559764.1559784},
	acmid = {1559784},
	publisher = {ACM},
	address = {New York, NY, USA},
	keywords = {DOM, HTML5, X3D, real-time, web integration},
}

@inproceedings{Behr:2010:SAH:1836049.1836077,
	author = {Behr, Johannes and Jung, Yvonne and Keil, Jens and Drevensek, Timm and Zoellner, Michael and Eschler, Peter and Fellner, Dieter},
	title = {A Scalable Architecture for the HTML5/X3D Integration Model X3DOM},
	booktitle = {Proceedings of the 15th International Conference on Web 3D Technology},
	series = {Web3D '10},
	year = {2010},
	isbn = {978-1-4503-0209-8},
	location = {Los Angeles, California},
	pages = {185--194},
	numpages = {10},
	url = {http://doi.acm.org/10.1145/1836049.1836077},
	doi = {10.1145/1836049.1836077},
	acmid = {1836077},
	publisher = {ACM},
	address = {New York, NY, USA},
	keywords = {DOM, HTML5, WebGL, X3D, web integration},
}


@inproceedings{Sons:2010:XIG:1836049.1836076,
	author = {Sons, Kristian and Klein, Felix and Rubinstein, Dmitri and Byelozyorov, Sergiy and Slusallek, Philipp},
	title = {XML3D: Interactive 3D Graphics for the Web},
	booktitle = {Proceedings of the 15th International Conference on Web 3D Technology},
	series = {Web3D '10},
	year = {2010},
	isbn = {978-1-4503-0209-8},
	location = {Los Angeles, California},
	pages = {175--184},
	numpages = {10},
	url = {http://doi.acm.org/10.1145/1836049.1836076},
	doi = {10.1145/1836049.1836076},
	acmid = {1836076},
	publisher = {ACM},
	address = {New York, NY, USA},
	keywords = {CSS, DHTML, DOM, HTML5, XML3D, ray tracing, real-time, web integrated},
}

@inproceedings{Anttonen:2011:TWR:1982185.1982357,
	author = {Anttonen, Matti and Salminen, Arto and Mikkonen, Tommi and Taivalsaari, Antero},
	title = {Transforming the Web into a Real Application Platform: New Technologies, Emerging Trends and Missing Pieces},
	booktitle = {Proceedings of the 2011 ACM Symposium on Applied Computing},
	series = {SAC '11},
	year = {2011},
	isbn = {978-1-4503-0113-8},
	location = {TaiChung, Taiwan},
	pages = {800--807},
	numpages = {8},
	url = {http://doi.acm.org/10.1145/1982185.1982357},
	doi = {10.1145/1982185.1982357},
	acmid = {1982357},
	publisher = {ACM},
	address = {New York, NY, USA},
	keywords = {HTML5, JavaScript, WebGL, web programming},
}

@inproceedings{Taivalsaari:2011:Death_of_Binary_Software,
	author={Taivalsaari, A and Mikkonen, T. and Anttonen, M. and Salminen, A},
	booktitle={Creating, Connecting and Collaborating through Computing (C5), 2011 Ninth International Conference on},
	title={The Death of Binary Software: End User Software Moves to the Web},
	year={2011},
	month={Jan},
	pages={17-23},
	keywords={Internet;software engineering;HTML5;WebGL;World Wide Web;binary software;end user software;information distribution;information sharing;interactive Web applications;software engineering research;Browsers;Graphics;Kernel;Programming;Three dimensional displays;Web sites;JavaScript;Lively Kernel;web applications;web programming},
	doi={10.1109/C5.2011.9},
}

@inproceedings{Taivalsaari:2001:Saga_continues,
	author={Taivalsaari, A and Mikkonen, T.},
	booktitle={Software Engineering and Advanced Applications (SEAA), 2011 37th EUROMICRO Conference on},
	title={The Web as an Application Platform: The Saga Continues},
	year={2011},
	month={Aug},
	pages={170-174},
	keywords={Internet;Web sites;document handling;HTML5;Saga;Web technologies;WebGL;World Wide Web;application platform;binary programs;content distribution environment;document sharing system;end user software;information distribution;information sharing;interactive Web applications;software platform;Browsers;Graphics;Software;Standards;Three dimensional displays;Web pages;HTML5;WebGL;web evolution;web programming;web-based software development},
	doi={10.1109/SEAA.2011.35},
}

@inproceedings{Benin:2012:THM:2338714.2338734,
	author = {Benin, Alberto and Leone, G. Riccardo and Cosi, Piero},
	title = {A 3D Talking Head for Mobile Devices Based on Unofficial iOS WebGL Support},
	booktitle = {Proceedings of the 17th International Conference on 3D Web Technology},
	series = {Web3D '12},
	year = {2012},
	isbn = {978-1-4503-1432-9},
	location = {Los Angeles, California},
	pages = {117--120},
	numpages = {4},
	url = {http://doi.acm.org/10.1145/2338714.2338734},
	doi = {10.1145/2338714.2338734},
	acmid = {2338734},
	publisher = {ACM},
	address = {New York, NY, USA},
	keywords = {MPEG4, Talking Head, WebGL, facial animation, iOS, mobile devices},
}

@manual{KHRONOS_OPENGL_ES_20_SPEC,
	author = "Munshi, Aaftab and Leech, Jon",
	title = "OpenGL ES",
	subtitle = "Common Profile Specification",
	year = "2010",
	version = "2.0.25",
	url = "http://www.khronos.org/registry/gles/specs/2.0/es_full_spec_2.0.25.pdf",
	urldate = {2014-07-22}
}

@manual{KHRONOS_WEBGL_SPEC_10,
	author = "Marrin, Chris",
	title = "WebGL Specification",
	year = "2011",
	month = "2",
	version = "1.0",
	url = "hhttps://www.khronos.org/registry/webgl/specs/1.0.0/",
	urldate = {2014-05-17}
}

@manual{VRML_10_SPECIFICATION,
	author = "Bell, Gavin and Parisi, Anthony and Pesce, Mark",
	title = "The Virtual Reality Modeling Language",
	subtitle = "Version 1.0 Specification",
	year = "1995",
	version = "1.0",
	url = "http://web.archive.org/web/20131031165054/http://www.web3d.org/x3d/specifications/vrml/VRML1.0",
	urldate = {2014-07-22}
}

@manual{X3DOM_DOCS_NAVIGATION_INFO_NODE,
	author = "Fraunhofer Institut f√ºr graphische Datenverarbeitung",
	title = "Official X3DOM Documentation",
	subtitle = "Class: NavigationInfo",
	year = "2014",
	version = "3.3",
	url = "http://doc.x3dom.org/developer/x3dom/nodeTypes/NavigationInfo.html",
	urldate = {2014-07-23}
}

@techreport{VRML_20_ISO,
	author = {ISO},
	Institution = {International Organization for Standardization},
	address = {Geneva, Switzerland},
	Title = {The Virtual Reality Modeling Language -- Part 1: Functional specification and UTF-8 encoding},
	number = {14772-1:1997},
	Type = {ISO},
	Year = {1997}
}

@misc{RFC5434,
	author="T. Narten",
	title="{Considerations for Having a Successful Birds-of-a-Feather (BOF) Session}",
	series="Request for Comments",
	number="5434",
	howpublished="RFC 5434 (Informational)",
	publisher="IETF",
	organization="Internet Engineering Task Force",
	year=2009,
	month=feb,
	url="http://www.ietf.org/rfc/rfc5434.txt",
}

@TechReport{W3C_HTML5_SPEC_WORKING_DRAFT,
	author = "Berjon, Robin and Faulkner, Steve and Leitheadm, Travis and Doyle, Navara Erika and O'Connor, Edward and Pfeiffer, Silvia and Hickson, Ian",
	title = "HTML5",
	year = "2014",
	month = "6",
	type = "Candidate Recommendation",
	institution = "W3C",
	url = "http://www.w3.org/TR/2014/WD-html5-20140617/",
	urldate = {2014-06-29}
}

@TechReport{W3C_HTML5_SPEC_WORKING_DRAFT_12_2009,
	author = "Hickson, Ian and Hyatt, David",
	title = "HTML5",
	year = "2009",
	month = "2",
	type = "Working Draft",
	institution = "W3C",
	url = "http://www.w3.org/TR/2009/WD-html5-20090212/no.html#declarative-3d-scenes",
	urldate = {2014-07-16}
}

@TechReport{W3C_DOM_CORE_3,
	author = "Le Hors, Arnaud and Le H√©garet, Philippe and Wood, Lauren and Nicol, Gavin and Robie, Jonathan and Champion, Mike and Byrne, Steve",
	title = "Document Object Model (DOM) Level 3 Core Specification",
	year = "2004",
	month = "4",
	type = "Recommendation",
	institution = "W3C",
	url = "http://www.w3.org/TR/2004/REC-DOM-Level-3-Core-20040407/",
	urldate = {2014-07-22}
}

@online{W3C_HTML5_LAST_CALL_TARGET_2014,
	author = "World Wide Web Consortium",
	title = "W3C Confirms May 2011 for HTML5, Last Call Targets 2014 for HTML5 Standard",
	url = "http://www.w3.org/2011/02/htmlwg-pr.html.en",
	urldate = {2014-06-27}
}

@online{MEDIA_CAPTURE_WORKING_DRAFT,
	author = "Burnett, Daniel C. and Bergkvist, Adam and Jennings, Cullen and Narayanan, Anant",
	year = "2013",
	month = "9",
	url = "http://www.w3.org/TR/2013/WD-mediacapture-streams-20130903/",
	urldate = {2014-05-17}
}

@online{VMRL_RAGGETT,
	author = "David Raggett",
	title = "Extending WWW to support Platform Independent Virtual Reality",
	year = "1995",
	month = "11",
	url = "http://www.w3.org/People/Raggett/vrml/vrml.html",
	urldate = {2014-06-04}
}

@online{W3C_ABOUT,
	author = "World Wide Web Consortium",
	title = "About W3C",
	year = "2014",
	month = "7",
	url = "http://www.w3.org/Consortium/",
	urldate = "2014-05-27"
}

@online{WEB3D_CONSORTIUM_ABOUT,
	author = "Web3D Consortium",
	title = "About Web3D Consortium",
	year = "2014",
	month = "7",
	url = "http://www.web3d.org/about",
	urldate = "2014-07-22"
}

@online{OPENGL_ABOUT,
	author = "Khronos Group",
	title = "OpenGL Overview",
	year = "2014",
	month = "7",
	url = "http://www.opengl.org/about/",
	urldate = "2014-07-23"
}

@online{IETF_BOF_PROCEDURES,
	author = "Internet Engineering Task Force",
	title = "BOF Procedures",
	year = "1993",
	month = "3",
	url = "http://www.ietf.org/wg/bof-procedures.html",
	urldate = {2014-06-05}
}

@online{PEOPLE_OF_THE_W3C_RAGGETT,
	author = "World Wide Web Consortium",
	title = "People of the W3C",
	url = "http://www.w3.org/People/#dsr",
	urldate = {2014-06-05}
}

@online{MEDIA_CAPTURE_CAN_I_USE,
	author = "Deveria, Alexis",
	year = "2013",
	month = "9",
	url = "http://caniuse.com/#feat=stream",
	urldate = {2014-05-17}
}

@online{CANIUSE_SVG,
	author = "Deveria, Alexis",
	year = "2014",
	month = "7",
	url = "http://caniuse.com/svg",
	urldate = {2014-07-03}
}

@online{DESTATIS_MOBILE_INTERNET_USERS,
	author = "Statistisches Bundesamt (Destatis)",
	title =  "Zahl der mobilen Internetnutzer im Jahr 2013 um 43 \% gestiegen",
	year = "2013",
	month = "3",
	url = "https://www.destatis.de/DE/PresseService/Presse/Pressemitteilungen/2014/03/PD14_089_63931.html",
	urldate = {2014-05-21}
}

@online{DESTATIS_BROADBAND_INTERNET_USERS,
	author = "Statistisches Bundesamt (Destatis)",
	title =  "28 Millionen Haushalte in Deutschland haben einen Breitbandanschluss",
	year = "2011",
	month = "12",
	url = "https://www.destatis.de/DE/PresseService/Presse/Pressemitteilungen/2011/12/PD11_474_63931.html",
	urldate = {2014-05-21}
}

@online{STATCOUNTER_BROWSERS_09_14,
	author = "StatCounter",
	title = "Top 9 Desktop, Mobile \& Tablet Browsers from Jan 2009 to Apr 2014",
	year = "2014",
	month = "5",
	url = "http://gs.statcounter.com/#desktop+mobile+tablet-browser-ww-monthly-200901-201404",
	urldate = {2014-05-09}
}

@online{MS_DEV_CENTER_WEBGL,
	author = "Microsoft Corporation",
	title = "WebGL",
	year = "2014",
	month = "7",
	url = "http://msdn.microsoft.com/en-us/library/ie/bg182648(v=vs.85).aspx",
	urldate = {2014-07-14}
}

@online{MS_RELEASE_IE11,
	author = "Mauceri, Rob and Singhal, Sandeep",
	title = "IE11 for Windows 7 Globally Available for Consumers and Businesses",
	year = "2013",
	month = "11",
	url = "http://blogs.msdn.com/b/ie/archive/2013/11/07/ie11-for-windows-7-globally-available-for-consumers-and-businesses.aspx",
	urldate = {2014-07-14}
}

@online{APPLE_WWDC_2014_WEBGL,
	author = "Jamardo, Iker",
	title = "WebGL on iOS 8 Safari and WebView!",
	year = "2014",
	month = "6",
	url = "http://blog.ludei.com/webgl-ios-8-safari-webview/",
	urldate = {2014-06-23}
}

@online{MOZILLA_CONCEPTS_OF_WEBGL,
	author = "Jacob, Benoit and Nyman, Robert",
	title = "The Concepts of WebGL",
	year = "2013",
	month = "4",
	url = "https://hacks.mozilla.org/2013/04/the-concepts-of-webgl/",
	urldate = {2014-07-07}
}

@online{WEBGL_ORIGIN_VUKICEVIC,
	author = "Vukiƒáeviƒá, Vladimir",
	title = "Canvas 3D: GL power, web-style",
	year = "2007",
	month = "11",
	url = "http://web.archive.org/web/20140222194911/http://blog.vlad1.com/2007/11/26/canvas-3d-gl-power-web-style/",
	urldate = {2014-07-13}
}

@online{WEBGL_ORIGIN_OPERA,
	author = "Johansson, Tim",
	title = "Taking the canvas to another dimension",
	year = "2007",
	month = "11",
	url = "http://web.archive.org/web/20071117170113/http://my.opera.com/timjoh/blog/2007/11/13/taking-the-canvas-to-another-dimension",
	urldate = {2014-07-13}
}

@online{OPERA_24_LINUX,
	author = "van Leeuwen, Arjan",
	title = "Opera 24 for Linux released on the Developer stream",
	year = "2014",
	month = "06",
	url = "http://blogs.opera.com/desktop/2014/06/opera-24-linux-released-developer-stream/",
	urldate = {2014-07-22}
}

@online{OPERA_SWITCHES_TO_WEBKIT,
	author = "Lawson, Bruce",
	title = "300 Million Users and Move to WebKit",
	year = "2013",
	month = "02",
	url = "http://dev.opera.com/blog/300-million-users-and-move-to-webkit/",
	urldate = {2014-07-22}
}

@online{KHRONOS_GROUP_WEBGL,
	author = "Khronos Group",
	title = "OpenGL ES 2.0 for the Web",
	year = "2014",
	url = "http://www.khronos.org/webgl/",
	urldate = {2014-05-21}
}

@online{KHRONOS_GROUP_ABOUT,
	author = "Khronos Group",
	title = "About The Khronos Group",
	year = "2014",
	url = "http://www.khronos.org/about/",
	urldate = {2014-07-13}
}

@online{OPERA_REQUEST_ANIMATION_FRAME,
	author = "Luz Caballero",
	title = "Better Performance With requestAnimationFrame",
	year = "2013",
	month = "06",
	url = "http://dev.opera.com/articles/better-performance-with-requestanimationframe/",
	urldate = {2014-07-11}
}

@online{FIREFOX_BLOCKED_PLUGINS,
	author = "Mozilla",
	title = "Add-ons that cause stability or security issues are put on a blocklist",
	year = "2014",
	month = "7",
	url = "https://support.mozilla.org/en-US/kb/add-ons-cause-issues-are-on-blocklist",
	urldate = {2014-07-10}
}

@online{CHROME_BLOCKED_PLUGINS,
	author = "Google Inc.",
	title = "Blocked plug-ins",
	year = "2014",
	month = "7",
	url = "https://support.google.com/chrome/answer/1247383",
	urldate = {2014-07-10}
}

@online{STEAM_DEV_DAYS,
	author = "Blue, Nathaniel and Powers, DJ",
	title = "Steam Business Update",
	year = "2014",
	month = "2",
	url = "http://www.steamdevdays.com",
	urldate = {2014-05-09}
}

@online{STEAM_HARDWARE_SURVERY,
	author = "Valve Cooperation",
	title = "Steam-Hard- \& Software-Umfrage",
	year = "2014",
	month = "4",
	url = "http://store.steampowered.com/hwsurvey",
	urldate = {2014-05-09}
}

@online{UNITY_HARDWARE_SURVERY,
	author = "Unity Technologies",
	title = "Unity Hardware Statisticse",
	year = "2014",
	month = "4",
	url = "http://stats.unity3d.com",
	urldate = {2014-05-09}
}

@online{DECLARATIVE_3D_COMMUNITY_CHARTER,
	author = "Sons, Kristian and Slusallek, Philipp and Behr, Johannes and Jung, Yvonne and Brutzman, Don and Daly, Leonard and Havele, Anita and Polys, Nicholas",
	title = "Declarative 3D for the Web Architecture Community Group Charter",
	year = "2010",
	month = "5",
	url = "http://www.dfki.de/~sons/charter/",
	urldate = {2014-06-02}
}

@online{THREEJS_PICKING,
	author = "Penad√©s, Soledad",
	title = "Object picking",
	year = "2014",
	url = "http://soledadpenades.com/articles/three-js-tutorials/object-picking/",
	urldate = {2014-07-15}
}

@online{UTAH_TEAPOT,
	author = "Computer History Museum",
	title = "The Utah Teapot",
	year = "2014",
	url = "http://www.computerhistory.org/revolution/computer-graphics-music-and-art/15/206",
	urldate = {2014-07-24}
}

@online{JS_TYPED_ARRAYS,
	author = " Heikkinen, Ilmari",
	title = "Typed Arrays: Binary Data in the Browser",
	year = "2014",
	month = "7",
	url = "http://www.html5rocks.com/en/tutorials/webgl/typed_arrays/",
	urldate = {2014-07-22}
}

% Software

@Manual{SOFTWARE_BLENDER,
   title = {Blender - a 3D modelling and rendering package},
   author = {{Blender Online Community}},
   organization = {Blender Foundation},
   address = {Blender Institute, Amsterdam},
   year = {2014},
   url = {http://www.blender.org},
   urldate = {2014-06-26},
   keywords={software}
 }

@Manual{SOFTWARE_3DS_MAX,
   title = {3ds Max},
   author = {{Autodesk, Inc.}},
   address = {San Rafael, CA, USA},
   year = {2014},
   url = {http://www.autodesk.de/products/3ds-max},
   urldate = {2014-06-26},
   keywords={software}
 }

@Manual{SOFTWARE_MAYA,
   title = {3DS Max},
   author = {{Autodesk, Inc.}},
   address = {San Rafael, CA, USA},
   year = {2014},
   url = {http://www.autodesk.de/products/3ds-max},
   urldate = {2014-06-26},
   keywords={software}
 }

 @online{SOFTWARE_GL_MATRIX,
 	author = "Brandon Jones",
 	title = "glMatrix",
 	year = {2014},
 	url = {https://github.com/toji/gl-matrix},
 	urldate = {2014-05-28},
 	keywords={software}
 }


@online{SOFTWARE_GITHUB_THREEJS,
	author = "Ricardo Cabello (Mr.doob)",
	title = "three.js",
	subtitle = "JavaScript 3D library",
	year = "2014",
	url = "https://github.com/mrdoob/three.js/",
	urldate = {2014-06-04},
	keywords={software}
}


@online{SOFTWARE_GITHUB_PHILOGL,
	author = "Nicolas Garcia Belmonte",
	title = "PhiloGL: A JavaScript WebGL Framework",
	year = "2014",
	url = "https://github.com/senchalabs/philogl",
	urldate = {2014-06-04},
	keywords={software}
}